
@book{
  memmert2018,
  edition={1st},
  title={Data Analytics in Football: Positional Data Collection, Modelling and Analysis},
  ISBN={978-1-351-21014-0},
  url={https://books.google.co.za/books?id=O9tdDwAAQBAJ},
  publisher={Taylor & Francis},
  author={Memmert, Daniel and Raabe, Dominik},
year={2018} }

@book{wilson2010,
	title = {Inverting the Pyramid: The History of Football Tactics},
	author = {Wilson, Jonathan},
	year = {2010},
	date = {2010},
	publisher = {Orion},
	edition = {1st},
	url = {https://books.google.co.za/books?id=qYSAhJn-srwC}
}

@inproceedings{robberechts2019,
	title = {StatsBomb Innovation in Football Conference},
	author = {Robberechts, Pieter},
	year = {2019},
	date = {2019},
	volume = {11}
}

@book{sumpter2016,
	title = {Soccermatics: Mathematical Adventures in the Beautiful Game},
	author = {Sumpter, David},
	year = {2016},
	date = {2016},
	publisher = {Bloomsbury Publishing},
	edition = {1st},
	url = {https://books.google.co.za/books?id=CoZVCwAAQBAJ}
}

@inproceedings{michael2018,
	title = {Analysing Soccer Games with Clustering and Conceptors},
	author = {Michael, Olivia and Obst, Oliver and Schmidsberger, Falk and Stolzenburg, Frieder},
	editor = {Akiyama, Hidehisa and Obst, Oliver and Sammut, Claude and Tonidandel, Flavio},
	year = {2018},
	date = {2018},
	publisher = {Springer International Publishing},
	pages = {120--131},
	series = {Lecture Notes in Computer Science},
	doi = {10.1007/978-3-030-00308-1_10},
	address = {Cham},
	langid = {en}
}

@book{borbely2018,
	title = {All About Pressing in Soccer: History, Theory, Practice},
	author = {Borbely, Laco and Hrebfk, Jaroslav and Ganczner, Peter and Singer, Andi},
	year = {2018},
	month = {10},
	date = {2018-10-01},
	publisher = {Meyer & Meyer Sport}
}

@article{rein2016,
	title = {Big data and tactical analysis in elite soccer: future challenges and opportunities for sports science},
	author = {Rein, Robert and Memmert, Daniel},
	year = {2016},
	month = {08},
	date = {2016-08-24},
	journal = {SpringerPlus},
	pages = {1410},
	volume = {5},
	number = {1},
	doi = {10.1186/s40064-016-3108-2},
	url = {https://doi.org/10.1186/s40064-016-3108-2},
	langid = {en}
}
