@article{bauer2021,
	title = {Data-driven detection of counterpressing in professional football},
	author = {Bauer, Pascal and Anzer, Gabriel},
	year = {2021},
	month = {09},
	date = {2021-09-01},
	journal = {Data Mining and Knowledge Discovery},
	pages = {2009--2049},
	volume = {35},
	number = {5},
	doi = {10.1007/s10618-021-00763-7},
	url = {https://doi.org/10.1007/s10618-021-00763-7},
	langid = {en}
}

@article{modric2022,
	title = {The influence of physical performance on technical and tactical outcomes in the UEFA Champions League},
	author = {Modric, Toni and Malone, James J. and Versic, Sime and Andrzejewski, Marcin and Chmura, {Pawe{\l}} and {Konefa{\l}}, Marek and Drid, Patrik and Sekulic, Damir},
	year = {2022},
	month = {10},
	date = {2022-10-10},
	journal = {BMC Sports Science, Medicine and Rehabilitation},
	pages = {179},
	volume = {14},
	number = {1},
	doi = {10.1186/s13102-022-00573-4},
	url = {https://doi.org/10.1186/s13102-022-00573-4},
	langid = {en}
}

@article{modric2023,
	title = {Influence of Team Pressing on Match Performance in Highest-Level Soccer; Preliminary Report},
	author = {Modric, Toni and Gabrilo, Goran and Sekulic, Damir},
	year = {2023},
	date = {2023},
	journal = {Kinesiologia Slovenica},
	pages = {138},
	volume = {29},
	number = {1},
	doi = {10.52165/kinsi.29.1.138-148},
	url = {https://openurl.ebsco.com/contentitem/doi:10.52165%2Fkinsi.29.1.138-148?sid=ebsco:plink:crawler&id=ebsco:doi:10.52165%2Fkinsi.29.1.138-148},
	note = {ISSN: 1318-2269
Issue: 1
Pages: 138
Volume: 29
DOI: 10.52165/kinsi.29.1.138-148},
	langid = {en}
}

@article{forcher2022,
	title = {The keys of pressing to gain the ball {\textendash} Characteristics of defensive pressure in elite soccer using tracking data},
	author = {Forcher, Leander and Forcher, Leon and Altmann, Stefan and Jekauc, Darko and Kempe, Matthias},
	year = {2022},
	date = {2022},
	journal = {Science and Medicine in Football},
	pages = {1--9},
	volume = {0},
	number = {0},
	doi = {10.1080/24733938.2022.2158213},
	url = {https://doi.org/10.1080/24733938.2022.2158213},
	note = {Publisher: Routledge
{\_}eprint: https://doi.org/10.1080/24733938.2022.2158213
PMID: 36495564}
}

@inproceedings{andrienko2018,
	title = {Exploring pressure in football},
	author = {Andrienko, Gennady and Andrienko, Natalia and Budziak, Guido and von Landesberger, Tatiana and Weber, Hendrik},
	year = {2018},
	month = {05},
	date = {2018-05-29},
	publisher = {Association for Computing Machinery},
	pages = {1{\textendash}3},
	series = {AVI '18},
	doi = {10.1145/3206505.3206558},
	url = {https://doi.org/10.1145/3206505.3206558},
	address = {New York, NY, USA}
}

@article{andrienko2017,
	title = {Visual analysis of pressure in football},
	author = {Andrienko, Gennady and Andrienko, Natalia and Budziak, Guido and Dykes, Jason and Fuchs, Georg and von Landesberger, Tatiana and Weber, Hendrik},
	year = {2017},
	month = {11},
	date = {2017-11-01},
	journal = {Data Mining and Knowledge Discovery},
	pages = {1793--1839},
	volume = {31},
	number = {6},
	doi = {10.1007/s10618-017-0513-2},
	url = {https://doi.org/10.1007/s10618-017-0513-2},
	langid = {en}
}

@article{low2021,
	title = {The porous high-press? An experimental approach investigating tactical behaviours from two pressing strategies in football},
	author = {Low, Benedict and Rein, Robert and Raabe, Dominik and Schwab, Sebastian and Memmert, Daniel},
	year = {2021},
	month = {10},
	date = {2021-10},
	journal = {Journal of Sports Sciences},
	pages = {2199--2210},
	volume = {39},
	number = {19},
	doi = {10.1080/02640414.2021.1925424},
	note = {PMID: 33982645},
	langid = {eng}
}

@misc{chamberstoby2022,
	title = {Different Types Of Presses In Football: 4 Variations},
	author = {{Chambers, Toby}, },
	year = {2022},
	month = {11},
	date = {2022-11-06},
	url = {https://soccersourcecoaching.com/different-types-of-presses-in-football/}
}

@misc{morganwill2018,
	title = {How StatsBomb Data Helps Measure Counter-Pressing},
	author = {{Morgan, Will}, },
	year = {2018},
	month = {05},
	date = {2018-05-21},
	url = {https://statsbomb.com/articles/soccer/how-statsbomb-data-helps-measure-counter-pressing/}
}

@article{plakias2024,
	title = {Tactical Situations and Playing Styles as Key Performance Indicators in SoccerTactical Situations and Playing Styles as Key Performance Indicators in Soccer},
	author = {{Plakias,}, Spyridon and {Tsatalas, Themistoklis},  and {Armatas, Vasileios},  and {Tsaopoulos, Dimitris},  and {Giakas, Giannis}, },
	year = {2024},
	month = {05},
	date = {2024-05-21},
	journal = {Journal of Functional Morphology and Kinesiology},
	pages = {88},
	volume = {9},
	number = {2},
	doi = {https://doi.org/10.3390/jfmk9020088},
	url = {https://www.mdpi.com/2411-5142/9/2/88}
}

@article{rein2016,
	title = {Big data and tactical analysis in elite soccer: future challenges and opportunities for sports science},
	author = {Rein, Robert and Memmert, Daniel},
	year = {2016},
	month = {08},
	date = {2016-08-24},
	journal = {SpringerPlus},
	pages = {1410},
	volume = {5},
	number = {1},
	doi = {10.1186/s40064-016-3108-2},
	url = {https://doi.org/10.1186/s40064-016-3108-2},
	langid = {en}
}

@article{herold2019,
	title = {Machine learning in men{\textquoteright}s professional football: Current applications and future directions for improving attacking play},
	author = {Herold, Mat and Goes, Floris and Nopp, Stephan and Bauer, Pascal and Thompson, Chris and Meyer, Tim},
	year = {2019},
	month = {12},
	date = {2019-12-01},
	journal = {International Journal of Sports Science & Coaching},
	pages = {798--817},
	volume = {14},
	number = {6},
	doi = {10.1177/1747954119879350},
	url = {https://doi.org/10.1177/1747954119879350},
	note = {Publisher: SAGE Publications},
	langid = {en}
}

@article{dayusjacob2021,
	title = {Analysis of playing style across different developmental stages in football: International Journal of Performance Analysis in Sport: Vol 21, No 6},
	author = {{Dayus, Jacob},  and {Callaway, Andrew},  and {Ellis, Shelley},  and {Butterworth, Andrew}, },
	year = {2021},
	date = {2021},
	journal = {International Journal of Performance Analysis in Sport},
	pages = {934--952},
	volume = {21},
	number = {6},
	doi = {https://doi.org/10.1080/24748668.2021.1963106},
	url = {https://www.tandfonline.com/doi/abs/10.1080/24748668.2021.1963106}
}

@article{hewitt2023,
	title = {A machine learning approach for player and position adjusted expected goals in football (soccer)},
	author = {Hewitt, James H. and {Karaku{\c{s}}}, Oktay},
	year = {2023},
	month = {09},
	date = {2023-09-01},
	journal = {Franklin Open},
	pages = {100034},
	volume = {4},
	doi = {10.1016/j.fraope.2023.100034},
	url = {https://www.sciencedirect.com/science/article/pii/S2773186323000282}
}
