@article{baptista2020exploring,
  title={Exploring the effects of playing formations on tactical behavior and external workload during football small-sided games},
  author={Baptista, Jorge and Travassos, Bruno and Gon{\c{c}}alves, Bruno and Mour{\~a}o, Paulo and Viana, Jo{\~a}o L and Sampaio, Jaime},
  journal={The Journal of Strength \& Conditioning Research},
  volume={34},
  number={7},
  pages={2024--2030},
  year={2020},
  publisher={LWW}
}

@article{low2021porous,
  title={The porous high-press? An experimental approach investigating tactical behaviours from two pressing strategies in football},
  author={Low, Benedict and Rein, Robert and Raabe, Dominik and Schwab, Sebastian and Memmert, Daniel},
  journal={Journal of sports sciences},
  volume={39},
  number={19},
  pages={2199--2210},
  year={2021},
  publisher={Taylor \& Francis}
}

@article{modric2020position,
  title={Position specific running performances in professional football (soccer): influence of different tactical formations},
  author={Modric, Toni and Versic, Sime and Sekulic, Damir},
  journal={Sports},
  volume={8},
  number={12},
  pages={161},
  year={2020},
  publisher={MDPI}
}

@article{bauer2021data,
  title={Data-driven detection of counterpressing in professional football: a supervised machine learning task based on synchronized positional and event data with expert-based feature extraction},
  author={Bauer, Pascal and Anzer, Gabriel},
  journal={Data Mining and Knowledge Discovery},
  volume={35},
  number={5},
  pages={2009--2049},
  year={2021},
  publisher={Springer}
}

@article{forcher2024keys,
  title={The keys of pressing to gain the ball--Characteristics of defensive pressure in elite soccer using tracking data},
  author={Forcher, Leander and Forcher, Leon and Altmann, Stefan and Jekauc, Darko and Kempe, Matthias},
  journal={Science and Medicine in Football},
  volume={8},
  number={2},
  pages={161--169},
  year={2024},
  publisher={Taylor \& Francis}
}

@article{bradley2011effect,
  title={The effect of playing formation on high-intensity running and technical profiles in English FA Premier League soccer matches},
  author={Bradley, Paul S and Carling, Chris and Archer, Dave and Roberts, Jenny and Dodds, Andrew and Di Mascio, Michele and Paul, Darren and Gomez Diaz, Antonio and Peart, Dan and Krustrup, Peter},
  journal={Journal of sports sciences},
  volume={29},
  number={8},
  pages={821--830},
  year={2011},
  publisher={Taylor \& Francis}
}
@article{rico-gonzálezmarkel2023,
	title = {Machine learning Application in Soccer: A Systematic Review},
	author = {{Rico-González, Markel},  and {Pino-Ortega, José},  and {Méndez, Amaia},  and {Clemente, Filipe Manuel},  and {Baca, Arnold}, },
	year = {2023},
	date = {2023},
	journal = {Biology of Sport},
	pages = {249--263},
	volume = {40},
	number = {1},
	url = {https://www.termedia.pl/Machine-learning-application-in-soccer-a-systematic-review,78,46287,0,1.html}
}

@article{herold2019,
	title = {Machine learning in men{\textquoteright}s professional football: Current applications and future directions for improving attacking play},
	author = {Herold, Mat and Goes, Floris and Nopp, Stephan and Bauer, Pascal and Thompson, Chris and Meyer, Tim},
	year = {2019},
	month = {12},
	date = {2019-12-01},
	journal = {International Journal of Sports Science & Coaching},
	pages = {798--817},
	volume = {14},
	number = {6},
	doi = {10.1177/1747954119879350},
	url = {https://doi.org/10.1177/1747954119879350},
	note = {Publisher: SAGE Publications},
	langid = {en}
}

@article{low2021porous,
  title={The porous high-press? An experimental approach investigating tactical behaviours from two pressing strategies in football},
  author={Low, Benedict and Rein, Robert and Raabe, Dominik and Schwab, Sebastian and Memmert, Daniel},
  journal={Journal of sports sciences},
  volume={39},
  number={19},
  pages={2199--2210},
  year={2021},
  publisher={Taylor \& Francis}
}

@article{brindescu2021,
	title = {Study on the efficiency of advanced pressing in the Premier League},
	author = {{Brîndescu}, Sorin and Datcu, Francisc-Remus and Buda, {Ionuț-Alexadru}},
	year = {2021},
	date = {2021},
	journal = {Baltic Journal of Health and Physical Activity},
	pages = {11},
	volume = {13},
	number = {6}
}

@article{fernandez-navarro2020,
	title = {Tactical Variables Related to Gaining the Ball in Advanced Zones of the Soccer Pitch: Analysis of Differences Among Elite Teams and the Effect of Contextual Variables},
	author = {Fernandez-Navarro, Javier and Ruiz-Ruiz, Carlos and Zubillaga, Asier and Fradua, Luis},
	year = {2020},
	month = {01},
	date = {2020-01-21},
	journal = {Frontiers in Psychology},
	volume = {10},
	doi = {10.3389/fpsyg.2019.03040},
	url = {https://www.frontiersin.org/journals/psychology/articles/10.3389/fpsyg.2019.03040/full},
	note = {Publisher: Frontiers},
	langid = {English}
}

@article{forcher2023,
	title={The Success Factors of Rest Defense in Soccer – A Mixed-Methods Approach of Expert Interviews, Tracking Data, and Machine Learning},
	volume={22},
	ISSN={1303-2968},
	url={https://www.ncbi.nlm.nih.gov/pmc/articles/PMC10690503/},
	DOI={10.52082/jssm.2023.707},
	number={4},
	journal={Journal of Sports Science & Medicine},
	author={Forcher, Leander and Forcher, Leon and Altmann, Stefan and Jekauc, Darko and Kempe, Matthias},
	year={2023},
	month={Dec},
	pages={707–725} 
}

@article{cooper2020impact,
  title={The impact of ball recovery type, location of ball recovery and duration of possession on the outcomes of possessions in the English Premier League and the Spanish La Liga},
  author={Cooper, Daniel and Pulling, Craig},
  journal={Science and Medicine in Football},
  volume={4},
  number={3},
  pages={196--202},
  year={2020},
  publisher={Taylor \& Francis}
}

@article{fernandes2020,
	title = {How do Elite Soccer Teams Perform to Ball Recovery? Effects of Tactical Modelling and Contextual Variables on the Defensive Patterns of Play},
	author = {Fernandes, Tiago and Camerino, Oleguer and Garganta, {Júlio} and Hileno, {Raúl} and Barreira, Daniel},
	year = {2020},
	month = {07},
	date = {2020-07},
	journal = {Journal of Human Kinetics},
	pages = {165--179},
	volume = {73},
	doi = {10.2478/hukin-2019-0141},
	note = {PMID: 32774548
PMCID: PMC7386141},
	langid = {eng}
}

@article{ju2023contextualised,
  title={Contextualised high-intensity running profiles of elite football players with reference to general and specialised tactical roles},
  author={Ju, Wonwoo and Doran, Dominic and Hawkins, Richard and Evans, Mark and Laws, Andy and Bradley, Paul},
  journal={Biology of Sport},
  volume={40},
  number={1},
  pages={291--301},
  year={2023},
  publisher={Termedia}
}

@article{ju2023contextualised,
  title={Contextualised high-intensity running profiles of elite football players with reference to general and specialised tactical roles},
  author={Ju, Wonwoo and Doran, Dominic and Hawkins, Richard and Evans, Mark and Laws, Andy and Bradley, Paul},
  journal={Biology of Sport},
  volume={40},
  number={1},
  pages={291--301},
  year={2023},
  publisher={Termedia}
}

@article{bortnik2022mean,
  title={The mean and peak physical demands during transitional play and high pressure activities in elite football},
  author={Bortnik, Lukasz and Burger, Joost and Rhodes, David},
  journal={Biology of sport},
  volume={39},
  number={4},
  pages={1055--1064},
  year={2022},
  publisher={Termedia}
}

@article{carr2020differences,
  title={Differences in high intensity running when playing a 4-4-2 formation with a high press strategy: a case study from the English Championship.},
  author={Carr, Rhys and Mullen, Rich and Williams, Morgan},
  journal={International Sports Studies},
  volume={42},
  number={2},
  year={2020}
}

@article{fernandez-navarro2019,
	title = {Evaluating the effectiveness of styles of play in elite soccer},
	author = {Fernandez-Navarro, Javier and Fradua, Luis and Zubillaga, Asier and McRobert, Allistair P},
	year = {2019},
	month = {08},
	date = {2019-08-01},
	journal = {International Journal of Sports Science & Coaching},
	pages = {514--527},
	volume = {14},
	number = {4},
	doi = {10.1177/1747954119855361},
	url = {https://doi.org/10.1177/1747954119855361},
	note = {Publisher: SAGE Publications},
	langid = {en}
}

@article{liu2023characterization,
  title={Characterization of Immediate Pressing Tactics in Soccer in the Age of Artificial Intelligence},
  author={Liu, Yun},
  journal={Applied Mathematics and Nonlinear Sciences},
  year={2023}
}
@article{modric2023,
	title = {Influence of Team Pressing on Match Performance in Highest-Level Soccer; Preliminary Report},
	author = {Modric, Toni and Gabrilo, Goran and Sekulic, Damir},
	year = {2023},
	date = {2023},
	journal = {Kinesiologia Slovenica},
	pages = {138},
	volume = {29},
	number = {1},
	doi = {10.52165/kinsi.29.1.138-148},
	url = {https://openurl.ebsco.com/contentitem/doi:10.52165%2Fkinsi.29.1.138-148?sid=ebsco:plink:crawler&id=ebsco:doi:10.52165%2Fkinsi.29.1.138-148},
	note = {ISSN: 1318-2269
Issue: 1
Pages: 138
Volume: 29
DOI: 10.52165/kinsi.29.1.138-148},
	langid = {en}
}

@article{toda2022evaluation,
  title={Evaluation of soccer team defense based on prediction models of ball recovery and being attacked: A pilot study},
  author={Toda, Kosuke and Teranishi, Masakiyo and Kushiro, Keisuke and Fujii, Keisuke},
  journal={Plos one},
  volume={17},
  number={1},
  pages={e0263051},
  year={2022},
  publisher={Public Library of Science San Francisco, CA USA}
}

@article{ruan2022quantifying,
  title={Quantifying the effectiveness of defensive playing styles in the Chinese Football Super League},
  author={Ruan, Lingfeng and Ge, Huanmin and Shen, Yanfei and Pu, Zhiqiang and Zong, Shouxin and Cui, Yixiong},
  journal={Frontiers in Psychology},
  volume={13},
  pages={899199},
  year={2022},
  publisher={Frontiers Media SA}
}

@article{bauer2023,
	title = {Putting team formations in association football into context},
	author = {Bauer, Pascal and Anzer, Gabriel and Shaw, Laurie},
	year = {2023},
	month = {01},
	date = {2023-01-01},
	journal = {Journal of Sports Analytics},
	pages = {39--59},
	volume = {9},
	number = {1},
	doi = {10.3233/JSA-220620},
	url = {https://content.iospress.com/articles/journal-of-sports-analytics/jsa220620},
	note = {Publisher: IOS Press},
	langid = {en}
}

@article{forcher2024compact,
  title={Is a compact organization important for defensive success in elite soccer?--Analysis based on player tracking data},
  author={Forcher, Leander and Forcher, Leon and Altmann, Stefan and Jekauc, Darko and Kempe, Matthias},
  journal={International Journal of Sports Science \& Coaching},
  volume={19},
  number={2},
  pages={757--768},
  year={2024},
  publisher={SAGE Publications Sage UK: London, England}
}